% Empty file. Put bibtex/biblatex entries here...

@book{k-spda-10,
  author       = {Donald E. Knuth},
  title        = {Selected Papers on Design of Algorithms},
  series       = {{CSLI} lecture notes series},
  volume       = {191},
  publisher    = {Cambridge University Press},
  year         = {2010},
  url          = {http://cslipublications.stanford.edu/site/9781575865829.shtml},
  isbn         = {978-1-57586-582-9},
  timestamp    = {Tue, 19 Feb 2013 14:35:24 +0100},
  biburl       = {https://dblp.org/rec/books/daglib/0030426.bib},
  bibsource    = {dblp computer science bibliography, https://dblp.org}
}

